<record><leader>00000cas a22000007a 4500</leader><controlfield tag="001">30935831</controlfield><controlfield tag="008">940812c19919999ncuwr ne      0    0eng d</controlfield><datafield ind1=" " ind2=" " tag="010"><subfield code="a">sn 94058256 </subfield></datafield><datafield ind1=" " ind2=" " tag="040"><subfield code="a">NVJ</subfield><subfield code="b">eng</subfield><subfield code="c">NVJ</subfield><subfield code="d">OCLCQ</subfield></datafield><datafield ind1=" " ind2=" " tag="042"><subfield code="a">msc</subfield></datafield><datafield ind1="0" ind2=" " tag="130"><subfield code="a">Tribune (Tabor City, N.C. : Loris ed.)</subfield></datafield><datafield ind1="1" ind2="4" tag="245"><subfield code="a">The tribune.</subfield></datafield><datafield ind1=" " ind2=" " tag="250"><subfield code="a">Loris ed.</subfield></datafield><datafield ind1=" " ind2=" " tag="260"><subfield code="a">Tabor City, N.C. :</subfield><subfield code="b">Atlantic Pub. and Paper Co. of Tabor City, N.C., Inc.</subfield></datafield><datafield ind1=" " ind2=" " tag="300"><subfield code="a">v.</subfield></datafield><datafield ind1=" " ind2=" " tag="310"><subfield code="a">Weekly</subfield></datafield><datafield ind1="0" ind2=" " tag="362"><subfield code="a">Vol. 45, no. 7 (Aug. 14, 1991)-</subfield></datafield><datafield ind1=" " ind2=" " tag="580"><subfield code="a">Other eds. available: Tribune (Tabor City, N.C.), 1991-</subfield></datafield><datafield ind1=" " ind2=" " tag="752"><subfield code="a">United States</subfield><subfield code="b">North Carolina</subfield><subfield code="c">Columbus</subfield><subfield code="d">Tabor City.</subfield></datafield><datafield ind1=" " ind2=" " tag="752"><subfield code="a">United States</subfield><subfield code="b">South Carolina</subfield><subfield code="c">Horry</subfield><subfield code="d">Loris.</subfield></datafield><datafield ind1="1" ind2=" " tag="775"><subfield code="t">Tribune (Tabor City, N.C. : 1991)</subfield><subfield code="w">(DLC)sn 92003331</subfield></datafield></record>